<record xmlns='http://www.loc.gov/MARC21/slim'><leader>01576cgm a2200373 a 4500</leader><controlfield tag='001'>2664965</controlfield><controlfield tag='005'>20141208223849.0</controlfield><controlfield tag='007'>vf|cbahou</controlfield><controlfield tag='008'>950421s1991    xx 106            vleng d</controlfield><datafield ind1=' ' ind2=' ' tag='035'><subfield code='a'>(NIC)notisANE5959</subfield></datafield><datafield ind1=' ' ind2=' ' tag='035'><subfield code='a'>(OCoLC)63877461</subfield></datafield><datafield ind1=' ' ind2=' ' tag='035'><subfield code='a'>2664965</subfield></datafield><datafield ind1=' ' ind2=' ' tag='040'><subfield code='a'>NIC</subfield><subfield code='c'>NIC</subfield><subfield code='d'>NIC</subfield></datafield><datafield ind1='0' ind2='4' tag='245'><subfield code='a'>The challenge of directing Afro-American studies (programs) in private schools</subfield><subfield code='h'>[videorecording] :</subfield><subfield code='b'>two personal experiences /</subfield><subfield code='c'>[Africana Studies and Research Center.].</subfield></datafield><datafield ind1=' ' ind2=' ' tag='260'><subfield code='c'>[1991?]</subfield></datafield><datafield ind1=' ' ind2=' ' tag='300'><subfield code='a'>1 videoassette (106 min.) :</subfield><subfield code='b'>sd., col. ;</subfield><subfield code='c'>1/2 in.</subfield></datafield><datafield ind1=' ' ind2=' ' tag='538'><subfield code='a'>VHS.</subfield></datafield><datafield ind1=' ' ind2=' ' tag='500'><subfield code='a'>Title from label on videocassette.</subfield></datafield><datafield ind1=' ' ind2=' ' tag='518'><subfield code='a'>Videotaped live at Cornell University.</subfield></datafield><datafield ind1='0' ind2=' ' tag='511'><subfield code='a'>Presented by Roy S. Bryce-Laporte.</subfield></datafield><datafield ind1=' ' ind2=' ' tag='520'><subfield code='a'>The first director of the Africana Studies Program at Yale University discusses his experiences working with Black Studies programs there and elsewhere.</subfield></datafield><datafield ind1=' ' ind2=' ' tag='500'><subfield code='a'>&quot;331d.&quot;</subfield></datafield><datafield ind1=' ' ind2='0' tag='650'><subfield code='a'>African Americans</subfield><subfield code='x'>Study and teaching</subfield><subfield code='z'>United States.</subfield></datafield><datafield ind1=' ' ind2='0' tag='650'><subfield code='a'>Blacks</subfield><subfield code='x'>Study and teaching</subfield><subfield code='z'>United States.</subfield></datafield><datafield ind1='2' ind2='0' tag='610'><subfield code='a'>Yale University.</subfield></datafield><datafield ind1='2' ind2='7' tag='610'><subfield code='a'>Yale University</subfield><subfield code='2'>fast</subfield><subfield code='0'>(OCoLC)fst00531886</subfield></datafield><datafield ind1=' ' ind2='7' tag='650'><subfield code='a'>African Americans</subfield><subfield code='x'>Study and teaching</subfield><subfield code='2'>fast</subfield><subfield code='0'>(OCoLC)fst00799707</subfield></datafield><datafield ind1=' ' ind2='7' tag='650'><subfield code='a'>Blacks</subfield><subfield code='x'>Study and teaching</subfield><subfield code='2'>fast</subfield><subfield code='0'>(OCoLC)fst00834014</subfield></datafield><datafield ind1=' ' ind2='7' tag='651'><subfield code='a'>United States</subfield><subfield code='2'>fast</subfield><subfield code='0'>(OCoLC)fst01204155</subfield></datafield><datafield ind1='1' ind2=' ' tag='700'><subfield code='a'>Bryce-Laporte, Roy S.</subfield></datafield><datafield ind1='2' ind2=' ' tag='710'><subfield code='a'>Cornell University.</subfield><subfield code='b'>Africana Studies and Research Center.</subfield></datafield><datafield ind1=' ' ind2=' ' tag='905'><subfield code='a'>19950911120000.0</subfield></datafield><datafield ind1='2' ind2=' ' tag='948'><subfield code='a'>20040623</subfield><subfield code='b'>a</subfield><subfield code='d'>pl233</subfield><subfield code='e'>lts</subfield></datafield><datafield ind1='2' ind2=' ' tag='948'><subfield code='a'>20141208</subfield><subfield code='b'>m</subfield><subfield code='d'>batch</subfield><subfield code='e'>lts</subfield><subfield code='x'>addfast</subfield></datafield></record>